<record xmlns="http://www.loc.gov/MARC21/slim" xmlns:xsi="http://www.w3.org/2001/XMLSchema-instance" xsi:schemaLocation="http://www.loc.gov/MARC21/slim http://www.loc.gov/standards/marcxml/schema/MARC21slim.xsd"><leader>     nam a22        4500</leader><controlfield tag="001">001781918</controlfield><controlfield tag="003">NNU</controlfield><controlfield tag="006">m        d        </controlfield><controlfield tag="007">cr cn |||m|||a</controlfield><controlfield tag="008">150313s1870    ua      o     000 0 arar </controlfield><datafield ind1=" " ind2=" " tag="040"><subfield code="a">NNU</subfield><subfield code="b">eng</subfield><subfield code="c">NNU</subfield></datafield><datafield ind1=" " ind2="0" tag="050"><subfield code="a">PN6277.A7</subfield><subfield code="b">Z3 1870</subfield></datafield><datafield ind1=" " ind2=" " tag="090"><subfield code="a">PN6277.A7</subfield><subfield code="b">Z3 1870</subfield></datafield><datafield ind1="1" ind2=" " tag="100"><subfield code="a">Taft&#257;z&#257;n&#299;, Mas&#699;&#363;d ibn &#699;Umar,</subfield><subfield code="d">1322-1389?</subfield></datafield><datafield ind1="1" ind2="0" tag="245"><subfield code="a">Kit&#257;b al-ni&#699;am al-saw&#257;bigh f&#299; shar&#7717; al-kalim al-naw&#257;bigh lil-Ust&#257;dh al-Zamakhshar&#299;</subfield><subfield code="h">[electronic resource] /</subfield><subfield code="c">ta&#700;l&#299;f Sa&#699;d al-D&#299;n al-Taft&#257;z&#257;n&#299;.</subfield></datafield><datafield ind1=" " ind2=" " tag="250"><subfield code="a">al-&#7788;ab&#699;ah 1.</subfield></datafield><datafield ind1=" " ind2=" " tag="260"><subfield code="a">al-Q&#257;hirah,</subfield><subfield code="b">Ma&#7789;ba&#699;at W&#257;d&#299; al-N&#299;l,</subfield><subfield code="c">1286 [i.e. 1287 (1870)]</subfield></datafield><datafield ind1=" " ind2=" " tag="300"><subfield code="a">online resource (80 p.)</subfield></datafield><datafield ind1=" " ind2=" " tag="500"><subfield code="a">Includes text of al-Zamakhshar&#299;s al-Kalim al-naw&#257;bigh.</subfield></datafield><datafield ind1=" " ind2=" " tag="500"><subfield code="a">Part of the Arabic Collections Online (ACO) project, contributed by New York Univeristy Libraries.</subfield></datafield><datafield ind1=" " ind2=" " tag="533"><subfield code="a">Electronic reproduction.</subfield><subfield code="b">New York, N.Y. :</subfield><subfield code="c">New York University,</subfield><subfield code="d">2015.</subfield><subfield code="5">NNU</subfield></datafield><datafield ind1=" " ind2="0" tag="655"><subfield code="a">Aphorisms and apothegms.</subfield></datafield><datafield ind1="1" ind2=" " tag="700"><subfield code="a">Zamakhshar&#299;, Ma&#7717;m&#363;d ibn &#699;Umar,</subfield><subfield code="d">1075-1144.</subfield><subfield code="t">al-Kalim al-naw&#257;bigh.</subfield></datafield><datafield ind1="2" ind2=" " tag="710"><subfield code="a">New York University.</subfield><subfield code="b">Libraries.</subfield></datafield><datafield ind1="0" ind2=" " tag="730"><subfield code="a">Arabic Collections Online.</subfield></datafield><datafield ind1="3" ind2=" " tag="740"><subfield code="a">al-Ni&#699;am al-saw&#257;bigh.</subfield></datafield><datafield ind1="0" ind2="8" tag="776"><subfield code="i">Print version:</subfield><subfield code="a">Taft&#257;z&#257;n&#299;, Mas&#699;&#363;d ibn &#699;Umar, 1322-1389?</subfield><subfield code="t">Kit&#257;b al-ni&#699;am al-saw&#257;bigh f&#299; shar&#7717; al-kalim al-naw&#257;bigh lil-Ust&#257;dh al-Zamakhshar&#299;</subfield><subfield code="w">(NNU)001781918</subfield><subfield code="w">(DLC)ne 68002467</subfield></datafield><datafield ind1="4" ind2="0" tag="856"><subfield code="u">http://hdl.handle.net/2333.1/r7sqvd70</subfield></datafield><datafield ind1=" " ind2=" " tag="959"><subfield code="a">NNU</subfield><subfield code="b">WEB</subfield><subfield code="c">GENI</subfield><subfield code="t">0</subfield><subfield code="m">Electronic access</subfield><subfield code="s">01</subfield></datafield><datafield ind1=" " ind2=" " tag="999"><subfield code="i">NNU_001781918</subfield><subfield code="s">nyu_aco000606</subfield><subfield code="e">(ERROR-880)</subfield></datafield></record>